<record xmlns="http://www.openarchives.org/OAI/2.0/" xmlns:xsi="http://www.w3.org/2001/XMLSchema-instance"><header><identifier>oai:alma.34CSIC_INST:990013533670204201</identifier><datestamp>2020-02-06T08:40:59Z</datestamp><setSpec>manuscripta</setSpec></header><metadata><record xmlns="http://www.loc.gov/MARC21/slim" xmlns:xsi="http://www.w3.org/2001/XMLSchema-instance" xsi:schemaLocation="http://www.loc.gov/MARC21/slim http://www.loc.gov/standards/marcxml/schema/MARC21slim.xsd"><leader>15410ntm a2201033 i 4500</leader><controlfield tag="005">20181031100345.0</controlfield><controlfield tag="008">101008m1600                  000 0 heb d</controlfield><controlfield tag="001">990013533670204201</controlfield><datafield tag="035" ind1=" " ind2=" "><subfield code="a">CSIC001353367</subfield></datafield><datafield tag="035" ind1=" " ind2=" "><subfield code="a">(ES-MaCSI)001353367MAD01-Aleph</subfield></datafield><datafield tag="035" ind1=" " ind2=" "><subfield code="a">(OCoLC)1124054612
</subfield></datafield><datafield tag="040" ind1=" " ind2=" "><subfield code="a">ES-MaCSI</subfield><subfield code="b">spa</subfield></datafield><datafield tag="080" ind1=" " ind2=" "><subfield code="a">091(=411.16)</subfield></datafield><datafield tag="245" ind1="1" ind2="0"><subfield code="a">Obras cabalísticas</subfield><subfield code="h">[Manuscrito]</subfield></datafield><datafield tag="260" ind1=" " ind2=" "><subfield code="c">[16..?].</subfield></datafield><datafield tag="300" ind1=" " ind2=" "><subfield code="a">303 ff. (Línea tirada. La mayor parte del volumen con 26 líneas por pág.) :</subfield><subfield code="b">papel ;</subfield><subfield code="c">23,5 x 17,5 cm (caja 17 x 11,5 cm).</subfield></datafield><datafield tag="490" ind1="0" ind2=" "><subfield code="a">Manuscripta</subfield></datafield><datafield tag="500" ind1=" " ind2=" "><subfield code="a">Título facticio</subfield></datafield><datafield tag="500" ind1=" " ind2=" "><subfield code="a">Material: Papel. Se aprecian marcas mecánicas de líneas paralelas en la parte superior de algunos folios. Tinta negra.</subfield></datafield><datafield tag="500" ind1=" " ind2=" "><subfield code="a">Incipit y Explicit de cada obra:</subfield></datafield><datafield tag="500" ind1=" " ind2=" "><subfield code="a">Fols. 1r-54r:</subfield></datafield><datafield tag="500" ind1=" " ind2=" "><subfield code="a">Incipit: בס''ד שמע ישראל יהוה אלהינו יהוה אחד דע והבן סוד שם בייחוד איך הוא מתייחד</subfield></datafield><datafield tag="500" ind1=" " ind2=" "><subfield code="a">Explicit: ע''כ כוונת הייחוד בפסוק הייחוד</subfield></datafield><datafield tag="500" ind1=" " ind2=" "><subfield code="a">Fols. 55v-157v:</subfield></datafield><datafield tag="500" ind1=" " ind2=" "><subfield code="a">Incipit: בס''ד ספר התמונה והוא נחלק לשלשה חלקים חלק ראשון בכל עת יהיו בגדיך לבנים ושמן על ראשך</subfield></datafield><datafield tag="500" ind1=" " ind2=" "><subfield code="a">Explicit: ע''כ ספר התמונה ופרושו תם ונשלם</subfield></datafield><datafield tag="500" ind1=" " ind2=" "><subfield code="a">Fols. 158r-180r:</subfield></datafield><datafield tag="500" ind1=" " ind2=" "><subfield code="a">Incipit: בע''ה בחשבנך י' פעמי' ה' וה' פעמי' י' יעלה בכל ק' ועשה ה' פעמי' ג'</subfield></datafield><datafield tag="500" ind1=" " ind2=" "><subfield code="a">Explicit: כי מלאה הארץ דעה את יי' כמים לים מכסים תם ונשלם</subfield></datafield><datafield tag="500" ind1=" " ind2=" "><subfield code="a">Fols. 181r-203r:</subfield></datafield><datafield tag="500" ind1=" " ind2=" "><subfield code="a">Incipit: בס''ד זה השם המפורש בסודותיו וגם הוא מכלל התמונה וסודותיה</subfield></datafield><datafield tag="500" ind1=" " ind2=" "><subfield code="a">Explicit: לישועתך קויתי יי' ואתה קדוש תם ונשלם (Gen 49,18)</subfield></datafield><datafield tag="500" ind1=" " ind2=" "><subfield code="a">Fols. 208r-255r:</subfield></datafield><datafield tag="500" ind1=" " ind2=" "><subfield code="a">Incipit: בס''ד פירו' לחלק הראשון זה כלל גדול וסדר לספר התמונה ולסודותיה המפורשות</subfield></datafield><datafield tag="500" ind1=" " ind2=" "><subfield code="a">Explicit: נשלם פרוש השלש' חלקים מחלקי השם של ע''ב</subfield></datafield><datafield tag="500" ind1=" " ind2=" "><subfield code="a">Fols. 257r-271r:</subfield></datafield><datafield tag="500" ind1=" " ind2=" "><subfield code="a">Incipit: בס''ד סוד יי' ליריאיו ובריתו להודיעם סוד עשר ספירות המיוחדות בסוד האלהוד</subfield></datafield><datafield tag="500" ind1=" " ind2=" "><subfield code="a">Explicit: וזהו סדר הסולם אשר עולים ויורדים בו תם ונשלם</subfield></datafield><datafield tag="500" ind1=" " ind2=" "><subfield code="a">Fols. 271v-272r:</subfield></datafield><datafield tag="500" ind1=" " ind2=" "><subfield code="a">Incipit: זה יסוד האלפא ביתא אשר קבל משה מפי הגבורה כמו שהיא כתובה וחקוקה בכסא הכבוד</subfield></datafield><datafield tag="500" ind1=" " ind2=" "><subfield code="a">Explicit: כאשר תתעלה הנשמה או התפלה מעלוי לעלוי יקרא עלוי</subfield></datafield><datafield tag="500" ind1=" " ind2=" "><subfield code="a">Fols. 273r-296r:</subfield></datafield><datafield tag="500" ind1=" " ind2=" "><subfield code="a">Incipit: אלוהים להצילני יוי' לעזרתי חושה לעולם יי' דברך נצב בשמים</subfield></datafield><datafield tag="500" ind1=" " ind2=" "><subfield code="a">Explicit: והבינה נקראת קנה בינה קנה חצי יש והבן בסגולה העליונה ע''כ מצאתי</subfield></datafield><datafield tag="500" ind1=" " ind2=" "><subfield code="a">Fols. 297r-302r:</subfield></datafield><datafield tag="500" ind1=" " ind2=" "><subfield code="a">Incipit: בס''ד זה ספר יצירה ופירושו המבואר מפי החכמים הקדמונים אשר היו מתנהגים בו</subfield></datafield><datafield tag="500" ind1=" " ind2=" "><subfield code="a">Explicit:ברוך שנתן פליאות חכמה בלב אנשי המזמה בחומר קורצו ולהכל נדמה להשכיל בשיעור קומה</subfield></datafield><datafield tag="500" ind1=" " ind2=" "><subfield code="a">Distribución: 1 col. La mayor parte del volumen tiene 26 líneas por página.</subfield></datafield><datafield tag="500" ind1=" " ind2=" "><subfield code="a">Lugar de escritura: No consta. ¿Norte de Africa?</subfield></datafield><datafield tag="500" ind1=" " ind2=" "><subfield code="a">Copista: Un copista de la unidad codicológica principal y otro en los tres primeros folios</subfield></datafield><datafield tag="500" ind1=" " ind2=" "><subfield code="a">Colofón: No consta</subfield></datafield><datafield tag="500" ind1=" " ind2=" "><subfield code="a">Características especiales: Entre los folios 208 a 238, una línea quebrada trazada en sentido vertical que no separa el texto.</subfield></datafield><datafield tag="500" ind1=" " ind2=" "><subfield code="a">Ilustración: Folios 181v, 182 r y 282v con las sefirot</subfield></datafield><datafield tag="500" ind1=" " ind2=" "><subfield code="a">Ilustraciones: Epígrafes y encabezamientos en trazo más grueso y de mayor tamaño que el resto del texto.</subfield></datafield><datafield tag="500" ind1=" " ind2=" "><subfield code="a">Tipo de cuaderno: 1 guarda volante + 1 guarda de papel de la encuadernación+ 3 fols. añadidos que no tienen que ver con el resto, foliados en el verso de cada uno, fol. 3 v en blanco. Cuadernos de 16 fols en general siguiendo el siguiente esquema de composición de los cuadernos: fols. 1-16 (encuadernado con el texto boca abajo y de manera que el fol. 16 es el primero y el fol. 1 el último) +fols. 17-35 (10 bifolios: 20 folios de los que el último es un talón; hay 19) + fols. 36-51 (8 bifolios) + fols. 52-76 (25 folios de composición dudosa) + fols. 77-89 (7 bifolios con un talón al principio) + fols. 90-107 (9 bifolios) + fols. 108-123 (8 bifolios) + fols. 124-139 (8 bifolios) + fols. 140-155 (8 bifolios) + fols. 156-171 (8 bifolios) + fols. 172-189 (9 bifolios) + fols. 190-207 (9 bifolios) + fols. 208-223 (8 bifolios) + fols. 224-239 (8 bifolios) + fols. 240-255 (9 bifolios con un talón entre los fols. 249 y 250) + fols. 256-273 (9 bifolios) + fols. 274-289 (8 bifolios) + fols. 290- 303 (14 folios, de los cuales al final hay dos talones) + 1 fol. de guarda de la encuadernación y 1 guarda volante</subfield></datafield><datafield tag="500" ind1=" " ind2=" "><subfield code="a">Deterioros generales: Buen estado de conservación. En algunos folios pequeñas galerías, además de degradaciones leves de tinta que no afectan al texto.</subfield></datafield><datafield tag="500" ind1=" " ind2=" "><subfield code="a">H. en blanco: H en blanco 19 H en blanco que corresponden a los fols.: 54v, 55r, 76v, 166, 180v, 203v, del 204 al 207, 238v, 239 r y v, 255v, 256 r y v, 272v, 283r, 296v y 303 r y v más el verso del tercer folio de las notas iniciales</subfield></datafield><datafield tag="500" ind1=" " ind2=" "><subfield code="a">H dañadas, mutiladas, sueltas: No</subfield></datafield><datafield tag="500" ind1=" " ind2=" "><subfield code="a">H faltan o añadidas: No</subfield></datafield><datafield tag="500" ind1=" " ind2=" "><subfield code="a">Reclamos: En tinta negra en el margen inferior izquierdo de todos los folios verso</subfield></datafield><datafield tag="500" ind1=" " ind2=" "><subfield code="a">Sign. cuad.: No</subfield></datafield><datafield tag="500" ind1=" " ind2=" "><subfield code="a">Pautado: Punta seca (casi inapreciable). Líneas rectrices con una regularidad de 6 mm.</subfield></datafield><datafield tag="500" ind1=" " ind2=" "><subfield code="a">Filigrana: Contra-filigrana de flor de cinco pétalos con tallo. Filigrana de ballesta inserta en círculo.</subfield></datafield><datafield tag="500" ind1=" " ind2=" "><subfield code="a">Anotaciones: En el lomo aparece escrito : Códice rabínico. Escasas anotaciones marginales en tinta negra de la misma mano del copista. Preceden a las obras del volumen unas notas que ocupan los tres primeros folios del códice. Anotación a lápiz en el margen superior del verso del segundo folio de la guarda inicial que recoge el mismo texto de la etiqueta del lomo: “Caja B-21”. Ésta anotación podría hacer referencia a la signatura que tenía el volumen antes de su ingreso en la Biblioteca de la Escuela de Estudios Árabes. Por otro lado, en el lomo de corte vertical se lee en letras mayúsculas de tinta negra “Hebrae”, mientras que en la esquina superior derecha del folio 303v aparece anotado el dígito “294” corregido sobre el que parecía ser el “257”. Antiguo sello de la Biblioteca de la Universidad de Granada.</subfield></datafield><datafield tag="510" ind1="3" ind2=" "><subfield code="a">Descripción: No</subfield></datafield><datafield tag="510" ind1="4" ind2=" "><subfield code="a">Bibliografía: No.</subfield></datafield><datafield tag="515" ind1=" " ind2=" "><subfield code="a">Foliación: Sin foliación original. Foliación moderna a lápiz cuyo autor se desconoce. Los l6 folios iniciales están encuadernados del revés, lo que ha hecho que el primer folio del volumen sea el verso del folio 16. Además, los tres folios que ocupan las notas y que preceden al texto de las obras tienen foliación moderna a lápiz pero el dígito aparece en la esquina superior derecha de los folios verso. -- Cortes: HEBRAE, 38 en la parte superior y motivo decorativo en la parte inferior.</subfield></datafield><datafield tag="520" ind1=" " ind2=" "><subfield code="a">Primeros tres folios: fragmentos de contenido cabalístico en relación con las obras posteriores Fols. 1-54 Sod ha-Yiḥud? Anónimo de finales del XIII. Tratado cabalístico sobre la unicidad de Dios. Fols. 55v-157v: Sefer ha-Temunah y su comentario. Obra de autor anónima, compuesta alrededor de 1270. El autor puede ser el mismo del Sod Šem Hameforaš. Dividida en tres partes: 55v-60v; 61r-76r; 77r-157v) En la tercera parte incluye un comentario a las letras (es la forma que adopta para expresar la teoría de los ciclos cósmicos): Fol. 90v y al comienzo de cada letra: mención a Rabí Yaqob Hasefardí, que hace un comentario sobre las letras del alfabeto Fols. 158r-180r: obra cabalística con comentarios a las sefirot Fols. 181r-203r: Sod Šem Hameforaš de autor anónimo Fols. 208r-255r: Comentario del Sefer Hatemunah sobre las 72 letras del nombre de Dios Comentario de la primera parte en dos secciones ( 208r-235r y 235v-238r) Comentario a la segunda parte (240r-241v) Comentario a la tercera parte ( 242r-255r) Fols. 257r-271r: Sefer Sod Adonai Liyere’av de Abraham Miguel Cardozo (1626-1706) Fols. 272v-272r: obra breve sobre las letras del alfabeto Fols. 273r-296r: ‘Eser Sefirot Belimah en dos partes (273r-288v y 289r-296r) Fols. 297r-302r: Comentario al Sefer Yeṣirah según los “sabios antiguos”</subfield></datafield><datafield tag="541" ind1=" " ind2=" "><subfield code="a">Procedencia: Biblioteca de la Universidad de Granada</subfield><subfield code="d">Ingreso: No consta</subfield></datafield><datafield tag="546" ind1=" " ind2=" "><subfield code="a">Hebreo</subfield><subfield code="b">escritura Hebrea cursiva sefardí</subfield></datafield><datafield tag="500" ind1=" " ind2=" "><subfield code="a">Signatura antigua: Caja B-21 en verso de hoja de guarda.</subfield></datafield><datafield tag="563" ind1=" " ind2=" "><subfield code="a">Encuadernación: Cartera en piel blanco marfil sobre cartón. En el lomo se lee “Códice Rabínico” en tinta negra con la decoración del interior de las letras “c” y “o” de la primera palabra, y “r” de la segunda. Además se conserva parte de una etiqueta con el texto “Caja B-21”.</subfield></datafield><datafield tag="581" ind1=" " ind2=" "><subfield code="a">Descripción: No</subfield></datafield><datafield tag="530" ind1=" " ind2=" "><subfield code="a">Otros soportes: No</subfield></datafield><datafield tag="594" ind1=" " ind2="1"><subfield code="a">Título facticio</subfield></datafield><datafield tag="595" ind1=" " ind2=" "><subfield code="a">No.</subfield></datafield><datafield tag="650" ind1=" " ind2="7"><subfield code="a">Cábala</subfield><subfield code="v">Manuscritos.</subfield><subfield code="2">CSICAU</subfield></datafield><datafield tag="650" ind1=" " ind2="7"><subfield code="a">Misticismo</subfield><subfield code="x">Judaísmo</subfield><subfield code="v">Manuscritos.</subfield><subfield code="2">CSICAU</subfield></datafield><datafield tag="700" ind1="1" ind2=" "><subfield code="a">Cardozo, Abraham Miguel</subfield></datafield><datafield tag="700" ind1="0" ind2=" "><subfield code="a">Moseh ben Sem Tob de Leon.</subfield></datafield><datafield tag="740" ind1="0" ind2=" "><subfield code="a">Sefer Sod Adonai Liyere’av</subfield></datafield><datafield tag="740" ind1="0" ind2=" "><subfield code="a">‘Eser Sefirot Belimah</subfield></datafield><datafield tag="740" ind1="0" ind2=" "><subfield code="a">Sod ha-Yiḥud</subfield></datafield><datafield tag="740" ind1="0" ind2=" "><subfield code="a">Sefer Hatemunah</subfield></datafield><datafield tag="740" ind1="0" ind2=" "><subfield code="a">Sod Šem Hameforaš</subfield></datafield><datafield tag="740" ind1="0" ind2=" "><subfield code="a">Sefer Yeṣirah</subfield></datafield><datafield tag="830" ind1=" " ind2="0"><subfield code="a">Manuscripta</subfield></datafield><datafield tag="856" ind1="4" ind2="1"><subfield code="u">http://aleph.csic.es/imagenes/mad01/0006_PMSC/P_001353367_789888_V00.pdf</subfield><subfield code="z">Descargar Pdf completo (58M)</subfield><subfield code="m">CSIC</subfield></datafield><datafield tag="856" ind1="4" ind2="1"><subfield code="u">http://simurg.bibliotecas.csic.es/viewer/image/CSIC001353367/1/</subfield><subfield code="z">Ver texto completo en SIMURG, el portal de fondos digitalizados del CSIC</subfield><subfield code="m">CSIC</subfield></datafield><datafield tag="856" ind1="4" ind2="1"><subfield code="u">http://aleph.csic.es/imagenes/mad01/0006_PMSC/html/001353367.html</subfield><subfield code="z">Ver texto completo en Bookreader</subfield></datafield></record></metadata></record>